%YAML 1.1
%TAG !u! tag:unity3d.com,2011:
--- !u!1 &778652125974952033
GameObject:
  m_ObjectHideFlags: 0
  m_CorrespondingSourceObject: {fileID: 0}
  m_PrefabInstance: {fileID: 0}
  m_PrefabAsset: {fileID: 0}
  serializedVersion: 6
  m_Component:
  - component: {fileID: 778652125974952032}
  m_Layer: 0
  m_Name: Arms groups
  m_TagString: Untagged
  m_Icon: {fileID: 0}
  m_NavMeshLayer: 0
  m_StaticEditorFlags: 0
  m_IsActive: 1
--- !u!4 &778652125974952032
Transform:
  m_ObjectHideFlags: 0
  m_CorrespondingSourceObject: {fileID: 0}
  m_PrefabInstance: {fileID: 0}
  m_PrefabAsset: {fileID: 0}
  m_GameObject: {fileID: 778652125974952033}
  m_LocalRotation: {x: -0, y: -0, z: 0.9527333, w: 0.30380812}
  m_LocalPosition: {x: 103.13728, y: 1.3029675, z: 0}
  m_LocalScale: {x: 1, y: 1, z: 1}
  m_Children:
  - {fileID: 778652126642208881}
  - {fileID: 3053553721861187606}
  - {fileID: 3053553720834388523}
  m_Father: {fileID: 0}
  m_RootOrder: 0
  m_LocalEulerAnglesHint: {x: 0, y: 0, z: 0}
--- !u!1001 &778652125759602273
PrefabInstance:
  m_ObjectHideFlags: 0
  serializedVersion: 2
  m_Modification:
    m_TransformParent: {fileID: 778652125974952032}
    m_Modifications:
    - target: {fileID: 2354878023256987250, guid: f962bc327cc70514b9eca36713075d1d,
        type: 3}
      propertyPath: m_Name
      value: Arms (2)
      objectReference: {fileID: 0}
    - target: {fileID: 2354878023256987255, guid: f962bc327cc70514b9eca36713075d1d,
        type: 3}
      propertyPath: m_LocalPosition.x
      value: 0.17514697
      objectReference: {fileID: 0}
    - target: {fileID: 2354878023256987255, guid: f962bc327cc70514b9eca36713075d1d,
        type: 3}
      propertyPath: m_LocalPosition.y
      value: 0.10100478
      objectReference: {fileID: 0}
    - target: {fileID: 2354878023256987255, guid: f962bc327cc70514b9eca36713075d1d,
        type: 3}
      propertyPath: m_LocalPosition.z
      value: 0
      objectReference: {fileID: 0}
    - target: {fileID: 2354878023256987255, guid: f962bc327cc70514b9eca36713075d1d,
        type: 3}
      propertyPath: m_LocalRotation.x
      value: -0.7161931
      objectReference: {fileID: 0}
    - target: {fileID: 2354878023256987255, guid: f962bc327cc70514b9eca36713075d1d,
        type: 3}
      propertyPath: m_LocalRotation.y
      value: 0.69790226
      objectReference: {fileID: 0}
    - target: {fileID: 2354878023256987255, guid: f962bc327cc70514b9eca36713075d1d,
        type: 3}
      propertyPath: m_LocalRotation.z
      value: -0
      objectReference: {fileID: 0}
    - target: {fileID: 2354878023256987255, guid: f962bc327cc70514b9eca36713075d1d,
        type: 3}
      propertyPath: m_LocalRotation.w
      value: 0
      objectReference: {fileID: 0}
    - target: {fileID: 2354878023256987255, guid: f962bc327cc70514b9eca36713075d1d,
        type: 3}
      propertyPath: m_RootOrder
      value: 1
      objectReference: {fileID: 0}
    - target: {fileID: 2354878023256987255, guid: f962bc327cc70514b9eca36713075d1d,
        type: 3}
      propertyPath: m_LocalEulerAnglesHint.x
      value: 0
      objectReference: {fileID: 0}
    - target: {fileID: 2354878023256987255, guid: f962bc327cc70514b9eca36713075d1d,
        type: 3}
      propertyPath: m_LocalEulerAnglesHint.y
      value: 180.00002
      objectReference: {fileID: 0}
    - target: {fileID: 2354878023256987255, guid: f962bc327cc70514b9eca36713075d1d,
        type: 3}
      propertyPath: m_LocalEulerAnglesHint.z
      value: -236.109
      objectReference: {fileID: 0}
    - target: {fileID: 2354878023256987255, guid: f962bc327cc70514b9eca36713075d1d,
        type: 3}
      propertyPath: m_LocalScale.x
      value: 1
      objectReference: {fileID: 0}
    - target: {fileID: 2354878023256987255, guid: f962bc327cc70514b9eca36713075d1d,
        type: 3}
      propertyPath: m_LocalScale.y
      value: 1
      objectReference: {fileID: 0}
    - target: {fileID: 2354878023256987255, guid: f962bc327cc70514b9eca36713075d1d,
        type: 3}
      propertyPath: m_LocalScale.z
      value: 1
      objectReference: {fileID: 0}
    - target: {fileID: 2354878021896007911, guid: f962bc327cc70514b9eca36713075d1d,
        type: 3}
      propertyPath: m_LocalRotation.x
      value: 0
      objectReference: {fileID: 0}
    - target: {fileID: 2354878021896007911, guid: f962bc327cc70514b9eca36713075d1d,
        type: 3}
      propertyPath: m_LocalRotation.y
      value: 0
      objectReference: {fileID: 0}
    - target: {fileID: 2354878021896007911, guid: f962bc327cc70514b9eca36713075d1d,
        type: 3}
      propertyPath: m_LocalRotation.z
      value: -0.9819522
      objectReference: {fileID: 0}
    - target: {fileID: 2354878021896007911, guid: f962bc327cc70514b9eca36713075d1d,
        type: 3}
      propertyPath: m_LocalRotation.w
      value: 0.1891296
      objectReference: {fileID: 0}
    - target: {fileID: 2354878021896007911, guid: f962bc327cc70514b9eca36713075d1d,
        type: 3}
      propertyPath: m_LocalEulerAnglesHint.y
      value: 0
      objectReference: {fileID: 0}
    m_RemovedComponents: []
  m_SourcePrefab: {fileID: 100100000, guid: f962bc327cc70514b9eca36713075d1d, type: 3}
--- !u!4 &3053553721861187606 stripped
Transform:
  m_CorrespondingSourceObject: {fileID: 2354878023256987255, guid: f962bc327cc70514b9eca36713075d1d,
    type: 3}
  m_PrefabInstance: {fileID: 778652125759602273}
  m_PrefabAsset: {fileID: 0}
--- !u!1001 &778652125792871516
PrefabInstance:
  m_ObjectHideFlags: 0
  serializedVersion: 2
  m_Modification:
    m_TransformParent: {fileID: 778652125974952032}
    m_Modifications:
    - target: {fileID: 2354878023256987250, guid: f962bc327cc70514b9eca36713075d1d,
        type: 3}
      propertyPath: m_Name
      value: Arms (3)
      objectReference: {fileID: 0}
    - target: {fileID: 2354878023256987255, guid: f962bc327cc70514b9eca36713075d1d,
        type: 3}
      propertyPath: m_LocalPosition.x
      value: 0.1450999
      objectReference: {fileID: 0}
    - target: {fileID: 2354878023256987255, guid: f962bc327cc70514b9eca36713075d1d,
        type: 3}
      propertyPath: m_LocalPosition.y
      value: 0.12259654
      objectReference: {fileID: 0}
    - target: {fileID: 2354878023256987255, guid: f962bc327cc70514b9eca36713075d1d,
        type: 3}
      propertyPath: m_LocalPosition.z
      value: 0
      objectReference: {fileID: 0}
    - target: {fileID: 2354878023256987255, guid: f962bc327cc70514b9eca36713075d1d,
        type: 3}
      propertyPath: m_LocalRotation.x
      value: -0.35183296
      objectReference: {fileID: 0}
    - target: {fileID: 2354878023256987255, guid: f962bc327cc70514b9eca36713075d1d,
        type: 3}
      propertyPath: m_LocalRotation.y
      value: 0.93606275
      objectReference: {fileID: 0}
    - target: {fileID: 2354878023256987255, guid: f962bc327cc70514b9eca36713075d1d,
        type: 3}
      propertyPath: m_LocalRotation.z
      value: -0
      objectReference: {fileID: 0}
    - target: {fileID: 2354878023256987255, guid: f962bc327cc70514b9eca36713075d1d,
        type: 3}
      propertyPath: m_LocalRotation.w
      value: 0
      objectReference: {fileID: 0}
    - target: {fileID: 2354878023256987255, guid: f962bc327cc70514b9eca36713075d1d,
        type: 3}
      propertyPath: m_RootOrder
      value: 2
      objectReference: {fileID: 0}
    - target: {fileID: 2354878023256987255, guid: f962bc327cc70514b9eca36713075d1d,
        type: 3}
      propertyPath: m_LocalEulerAnglesHint.x
      value: 0
      objectReference: {fileID: 0}
    - target: {fileID: 2354878023256987255, guid: f962bc327cc70514b9eca36713075d1d,
        type: 3}
      propertyPath: m_LocalEulerAnglesHint.y
      value: 180
      objectReference: {fileID: 0}
    - target: {fileID: 2354878023256987255, guid: f962bc327cc70514b9eca36713075d1d,
        type: 3}
      propertyPath: m_LocalEulerAnglesHint.z
      value: -185.82599
      objectReference: {fileID: 0}
    - target: {fileID: 2354878023256987255, guid: f962bc327cc70514b9eca36713075d1d,
        type: 3}
      propertyPath: m_LocalScale.x
      value: 1
      objectReference: {fileID: 0}
    - target: {fileID: 2354878023256987255, guid: f962bc327cc70514b9eca36713075d1d,
        type: 3}
      propertyPath: m_LocalScale.y
      value: 1
      objectReference: {fileID: 0}
    - target: {fileID: 2354878021896007911, guid: f962bc327cc70514b9eca36713075d1d,
        type: 3}
      propertyPath: m_LocalRotation.x
      value: 0
      objectReference: {fileID: 0}
    - target: {fileID: 2354878021896007911, guid: f962bc327cc70514b9eca36713075d1d,
        type: 3}
      propertyPath: m_LocalRotation.y
      value: 0
      objectReference: {fileID: 0}
    - target: {fileID: 2354878021896007911, guid: f962bc327cc70514b9eca36713075d1d,
        type: 3}
      propertyPath: m_LocalRotation.z
      value: -0.9819522
      objectReference: {fileID: 0}
    - target: {fileID: 2354878021896007911, guid: f962bc327cc70514b9eca36713075d1d,
        type: 3}
      propertyPath: m_LocalRotation.w
      value: 0.1891296
      objectReference: {fileID: 0}
    - target: {fileID: 2354878021896007911, guid: f962bc327cc70514b9eca36713075d1d,
        type: 3}
      propertyPath: m_LocalEulerAnglesHint.y
      value: 0
      objectReference: {fileID: 0}
    m_RemovedComponents: []
  m_SourcePrefab: {fileID: 100100000, guid: f962bc327cc70514b9eca36713075d1d, type: 3}
--- !u!4 &3053553720834388523 stripped
Transform:
  m_CorrespondingSourceObject: {fileID: 2354878023256987255, guid: f962bc327cc70514b9eca36713075d1d,
    type: 3}
  m_PrefabInstance: {fileID: 778652125792871516}
  m_PrefabAsset: {fileID: 0}
--- !u!1001 &3053553720643540486
PrefabInstance:
  m_ObjectHideFlags: 0
  serializedVersion: 2
  m_Modification:
    m_TransformParent: {fileID: 778652125974952032}
    m_Modifications:
    - target: {fileID: 2354878023256987250, guid: f962bc327cc70514b9eca36713075d1d,
        type: 3}
      propertyPath: m_Name
      value: Arms
      objectReference: {fileID: 0}
    - target: {fileID: 2354878023256987255, guid: f962bc327cc70514b9eca36713075d1d,
        type: 3}
      propertyPath: m_LocalPosition.x
      value: 0
      objectReference: {fileID: 0}
    - target: {fileID: 2354878023256987255, guid: f962bc327cc70514b9eca36713075d1d,
        type: 3}
      propertyPath: m_LocalPosition.y
      value: 0
      objectReference: {fileID: 0}
    - target: {fileID: 2354878023256987255, guid: f962bc327cc70514b9eca36713075d1d,
        type: 3}
      propertyPath: m_LocalPosition.z
      value: 0
      objectReference: {fileID: 0}
    - target: {fileID: 2354878023256987255, guid: f962bc327cc70514b9eca36713075d1d,
        type: 3}
      propertyPath: m_LocalRotation.x
      value: -0
      objectReference: {fileID: 0}
    - target: {fileID: 2354878023256987255, guid: f962bc327cc70514b9eca36713075d1d,
        type: 3}
      propertyPath: m_LocalRotation.y
      value: -0
      objectReference: {fileID: 0}
    - target: {fileID: 2354878023256987255, guid: f962bc327cc70514b9eca36713075d1d,
        type: 3}
      propertyPath: m_LocalRotation.z
      value: -0
      objectReference: {fileID: 0}
    - target: {fileID: 2354878023256987255, guid: f962bc327cc70514b9eca36713075d1d,
        type: 3}
      propertyPath: m_LocalRotation.w
      value: 1
      objectReference: {fileID: 0}
    - target: {fileID: 2354878023256987255, guid: f962bc327cc70514b9eca36713075d1d,
        type: 3}
      propertyPath: m_RootOrder
      value: 0
      objectReference: {fileID: 0}
    - target: {fileID: 2354878023256987255, guid: f962bc327cc70514b9eca36713075d1d,
        type: 3}
      propertyPath: m_LocalEulerAnglesHint.x
      value: 0
      objectReference: {fileID: 0}
    - target: {fileID: 2354878023256987255, guid: f962bc327cc70514b9eca36713075d1d,
        type: 3}
      propertyPath: m_LocalEulerAnglesHint.y
      value: 0
      objectReference: {fileID: 0}
    - target: {fileID: 2354878023256987255, guid: f962bc327cc70514b9eca36713075d1d,
        type: 3}
      propertyPath: m_LocalEulerAnglesHint.z
      value: -215.37299
      objectReference: {fileID: 0}
    - target: {fileID: 2354878023256987255, guid: f962bc327cc70514b9eca36713075d1d,
        type: 3}
      propertyPath: m_LocalScale.z
      value: 1
      objectReference: {fileID: 0}
    - target: {fileID: 2354878023256987255, guid: f962bc327cc70514b9eca36713075d1d,
        type: 3}
      propertyPath: m_LocalScale.x
      value: 1
      objectReference: {fileID: 0}
    - target: {fileID: 2354878023256987255, guid: f962bc327cc70514b9eca36713075d1d,
        type: 3}
      propertyPath: m_LocalScale.y
      value: 1
      objectReference: {fileID: 0}
    m_RemovedComponents: []
  m_SourcePrefab: {fileID: 100100000, guid: f962bc327cc70514b9eca36713075d1d, type: 3}
--- !u!4 &778652126642208881 stripped
Transform:
  m_CorrespondingSourceObject: {fileID: 2354878023256987255, guid: f962bc327cc70514b9eca36713075d1d,
    type: 3}
  m_PrefabInstance: {fileID: 3053553720643540486}
  m_PrefabAsset: {fileID: 0}
